@misc{clevelandclinic_2020_music,
  author       = {Cleveland Clinic},
  month        = {11},
  publisher    = {Cleveland Clinic},
  title        = {Music Therapy: What Is It, Types \& Treatment},
  url          = {https://my.clevelandclinic.org/health/treatments/8817-music-therapy},
  urldate      = {2024-04-23},
  year         = {2020},
  organization = {Cleveland Clinic}
}

@misc{craig_2019_what,
  author       = {Craig, Heather},
  month        = {03},
  title        = {What Are the Benefits of Music Therapy?},
  url          = {https://positivepsychology.com/music-therapy-benefits/},
  urldate      = {2024-04-23},
  year         = {2019},
  organization = {PositivePsychology.com}
}

@misc{americanmusictherapyassociation_2005_what,
  author       = {American Music Therapy Association},
  publisher    = {American Music Therapy Association},
  title        = {What Is Music Therapy | What Is Music Therapy? | American Music Therapy Association (AMTA)},
  url          = {https://www.musictherapy.org/about/musictherapy/},
  urldate      = {2024-04-23},
  year         = {2005},
  organization = {Musictherapy.org}
}

@article{huang_2023_a,
  author  = {Huang, Zi-Yu and Chiang, Chia-Chin and Chen, Jian-Hao and Chen, Yi-Chian and Chung, Hsin-Lung and Cai, Yu-Ping and Hsu, Hsiu-Chuan},
  month   = {05},
  title   = {A Study on Computer Vision for Facial Emotion Recognition},
  doi     = {10.1038/s41598-023-35446-4},
  url     = {https://pubmed.ncbi.nlm.nih.gov/37225755/},
  urldate = {2024-04-23},
  volume  = {13},
  year    = {2023},
  journal = {Scientific Report}
}

@misc{zharovskikh_2020_how,
  author       = {Zharovskikh, Anastasiya},
  month        = {07},
  title        = {How Face Recognition and AI Are Used in Healthcare},
  url          = {https://indatalabs.com/blog/ai-face-recognition-in-healthcare},
  urldate      = {2024-04-23},
  year         = {2020},
  organization = {InData Labs}
}

@article{babu2023emotionaware,
  author    = {Babu, Tina and Nair, Rekha R and Geetha, Angelina},
  month     = {11},
  publisher = {Cornell University},
  title     = {Emotion Aware Music Recommendation System: Enhancing User Experience through Real-Time Emotional Context},
  doi       = {10.48550/arxiv.2311.10796},
  url       = {https://arxiv.org/abs/2311.10796},
  urldate   = {2024-04-23},
  volume    = {6},
  year      = {2023},
  journal   = {ArXiv (Cornell University)}
}

@misc{song_2012_a,
  author       = {Song, Y. and Dixon, S. and Pearce, M.},
  title        = {A Survey of Music Recommendation Systems and Future Perspectives},
  url          = {https://www.semanticscholar.org/paper/A-Survey-of-Music-Recommendation-Systems-and-Future-Song-Dixon/e0080299afae01ad796060abcf602abff6024754},
  urldate      = {2024-04-23},
  year         = {2012},
  organization = {www.semanticscholar.org}
}

@article{schedl_2021_music,
  author    = {Schedl, Markus and Knees, Peter and McFee, Brian and Bogdanov, Dmitry},
  month     = {11},
  pages     = {927--971},
  publisher = {Springer Nature},
  title     = {Music Recommendation Systems: Techniques, Use Cases, and Challenges},
  doi       = {10.1007/978-1-0716-2197-4\_24},
  url       = {https://link.springer.com/chapter/10.1007/978-1-0716-2197-4\_24},
  urldate   = {2024-04-23},
  year      = {2021},
  journal   = {Springer eBooks}
}

@misc{else_2014_music,
  author       = {Barbara, Else},
  title        = {Music Therapy and Military Populations a Status Report and Recommendations on Music Therapy Treatment, Programs, Research, and Practice Policy},
  url          = {https://www.musictherapy.org/assets/1/7/MusicTherapyMilitaryPops\_2014.pdf},
  urldate      = {2024-04-23},
  year         = {2014},
  organization = {American Music Therapy Association}
}

@article{bruscia_1987_improvisational,
  author  = {Bruscia, Kenneth E.},
  month   = {04},
  pages   = {10--24},
  title   = {A Survey of Treatment Procedures in Improvisational Music Therapy},
  doi     = {10.1177/0305735688161002},
  volume  = {16},
  year    = {1988},
  journal = {Psychology of Music}
}

@misc{ackerman_2018_what,
  author       = {Ackerman, Courtney E.},
  month        = {04},
  title        = {What Is Attachment theory? Bowlby's 4 Stages explained.},
  url          = {https://positivepsychology.com/attachment-theory/},
  year         = {2018},
  date         = {27},
  organization = {PositivePsychology.com}
}

@article{hillecke_2005_scientific,
  author  = {Hillecke, Thomas},
  month   = {12},
  pages   = {271--282},
  title   = {Scientific Perspectives on Music Therapy},
  doi     = {10.1196/annals.1360.020},
  url     = {http://onlinelibrary.wiley.com/doi/10.1196/annals.1360.020/abstract},
  urldate = {2024-04-23},
  volume  = {1060},
  year    = {2005},
  journal = {Annals of the New York Academy of Sciences}
}

@misc{garrison_2021_music,
  author       = {Garrison, Julie},
  month        = {11},
  title        = {Music \& Traumatic Stress: Music Therapy Research and Treatment with Military Populations},
  url          = {https://www.stress.org/music-traumatic-stress-music-therapy-research-and-treatment-with-military-populations},
  urldate      = {2024-04-23},
  year         = {2021},
  organization = {The American Institute of Stress}
}

@article{gooding_2019_music,
  author  = {Gooding, Lori F and Langston, Diane G},
  pages   = {315--347},
  title   = {Music Therapy with Military Populations: a Scoping Review},
  doi     = {10.1093/jmt/thz010},
  url     = {https://pubmed.ncbi.nlm.nih.gov/31696919/},
  urldate = {2024-04-23},
  volume  = {56},
  year    = {2019},
  journal = {Journal of Music Therapy}
}

@misc{kwiatkowski_2021_gradient,
  author       = {Kwiatkowski, Robert},
  month        = {05},
  title        = {Gradient Descent Algorithm: a Deep Dive},
  url          = {https://towardsdatascience.com/gradient-descent-algorithm-a-deep-dive-cf04e8115f21},
  urldate      = {2024-04-23},
  year         = {2021},
  organization = {Medium}
}

@misc{ibm_what,
  author       = {IBM},
  title        = {What Is Gradient Descent? | IBM},
  url          = {https://www.ibm.com/topics/gradient-descent},
  urldate      = {2024-04-23},
  year         = {2022},
  organization = {www.ibm.com}
}

@misc{rohithgandhi_2018_introduction,
  author       = {Rohith Gandhi},
  month        = {05},
  publisher    = {Towards Data Science},
  title        = {Introduction to Machine Learning Algorithms: Linear Regression},
  url          = {https://towardsdatascience.com/introduction-to-machine-learning-algorithms-linear-regression-14c4e325882a},
  urldate      = {2024-04-23},
  year         = {2018},
  organization = {Medium}
}

@misc{_2019_descending,
  author       = {Google},
  month        = {07},
  title        = {Descending into ML: Training and Loss  |  Machine Learning Crash Course},
  url          = {https://developers.google.com/machine-learning/crash-course/descending-into-ml/training-and-loss},
  urldate      = {2024-04-23},
  year         = {2022},
  organization = {Google Developers}
}

@misc{ibm_2022_about,
  author       = {IBM},
  title        = {About Linear Regression | IBM},
  url          = {https://www.ibm.com/topics/linear-regression\#:~:text=Resources-},
  urldate      = {2024-04-23},
  year         = {2022},
  organization = {www.ibm.com}
}

@misc{mali_2021_linear,
  author       = {Mali, Kavita},
  month        = {10},
  title        = {Linear Regression | Everything You Need to Know about Linear Regression},
  url          = {https://www.analyticsvidhya.com/blog/2021/10/everything-you-need-to-know-about-linear-regression/},
  urldate      = {2024-04-23},
  year         = {2021},
  organization = {Analytics Vidhya}
}

@book{gron_2019_handson,
  author    = {Aurélien Géron},
  month     = {03},
  publisher = {"O'Reilly Media, Inc."},
  title     = {Hands-On Machine Learning with Scikit-Learn and TensorFlow},
  year      = {2017},
  edition   = {2nd},
  month     = {09}
}

@misc{saini_2021_support,
  author       = {Saini, Anshul},
  month        = {10},
  title        = {Support Vector Machine(SVM): a Complete Guide for Beginners},
  url          = {https://www.analyticsvidhya.com/blog/2021/10/support-vector-machinessvm-a-complete-guide-for-beginners/},
  urldate      = {2024-04-23},
  year         = {2021},
  organization = {Analytics Vidhya}
}

@misc{gandhi_2018_support,
  author       = {Gandhi, Rohith},
  month        = {06},
  title        = {Support Vector Machine: Introduction to Machine Learning Algorithms},
  url          = {https://towardsdatascience.com/support-vector-machine-introduction-to-machine-learning-algorithms-934a444fca47},
  urldate      = {2024-04-23},
  year         = {2018},
  organization = {Towards Data Science}
}

@article{pedregosa_2011_scikitlearn,
  author  = {Pedregosa, Fabian and Varoquaux, Gaël and Gramfort, Alexandre and Michel, Vincent and Thirion, Bertrand and Grisel, Olivier and Blondel, Mathieu and Prettenhofer, Peter and Weiss, Ron and Dubourg, Vincent and Vanderplas, Jake and Passos, Alexandre and Cournapeau, David and Brucher, Matthieu and Perrot, Matthieu and Duchesnay, Édouard},
  pages   = {2825--2830},
  title   = {Scikit-learn: Machine Learning in Python},
  url     = {https://jmlr.csail.mit.edu/papers/v12/pedregosa11a.html},
  urldate = {2024-04-23},
  volume  = {12},
  year    = {2011},
  journal = {Journal of Machine Learning Research}
}

@misc{berwick_an,
  author  = {Berwick, R.},
  title   = {An Idiot's Guide to Support Vector Machines (SVMs) R. Berwick, Village Idiot SVMs: a New Generation of Learning Algorithms},
  url     = {https://web.mit.edu/6.034/wwwbob/svm.pdf},
  urldate = {2024-04-23}
}

@misc{ibm_2023_what,
  author       = {IBM},
  title        = {What Is Random Forest? | IBM},
  url          = {https://www.ibm.com/topics/random-forest\#:~:text=Random\%20forest\%20is\%20a\%20commonly},
  urldate      = {2024-04-23},
  year         = {2023},
  organization = {www.ibm.com}
}

@misc{er_2021_random,
  author       = {Sruthi, E R},
  month        = {06},
  title        = {Random Forest | Introduction to Random Forest Algorithm},
  url          = {https://www.analyticsvidhya.com/blog/2021/06/understanding-random-forest/},
  urldate      = {2024-04-23},
  year         = {2021},
  organization = {Analytics Vidhya}
}

@misc{scikitlearn_2018_sklearnensemblerandomforestclassifier,
  author       = {Scikit-learn},
  title        = {sklearn.ensemble.RandomForestClassifier : scikit-learn 0.20.3 Documentation},
  url          = {https://scikit-learn.org/stable/modules/generated/sklearn.ensemble.RandomForestClassifier.html},
  urldate      = {2024-04-23},
  year         = {2018},
  organization = {Scikit-learn.org}
}

@misc{_14,
  author       = {Scikit learn},
  title        = {1.4. Support Vector Machines},
  url          = {https://scikit-learn.org/stable/modules/svm.html\#:~:text=Support\%20vector\%20machines\%20\\(SVMs)\%20are},
  urldate      = {2024-04-23},
  year         = {2018},
  organization = {scikit-learn}
}

@misc{yiu_2019_understanding,
  author       = {Yiu, Tony},
  month        = {06},
  publisher    = {Towards Data Science},
  title        = {Understanding Random Forest},
  url          = {https://towardsdatascience.com/understanding-random-forest-58381e0602d2},
  urldate      = {2024-04-23},
  year         = {2019},
  organization = {Medium}
}

@misc{ibm_what_knn,
  author       = {IBM},
  title        = {What Is the k-nearest Neighbors algorithm? | IBM},
  url          = {https://www.ibm.com/topics/knn\#:~:text=Next\%20steps-},
  urldate      = {2024-04-23},
  year         = {2023},
  organization = {www.ibm.com}
}

@misc{srivastava_2019_introduction,
  author       = {Srivastava, Tavish},
  month        = {03},
  title        = {Introduction to KNN, K-Nearest Neighbors : Simplified},
  url          = {https://www.analyticsvidhya.com/blog/2018/03/introduction-k-neighbours-algorithm-clustering/},
  urldate      = {2024-04-23},
  year         = {2019},
  organization = {Analytics Vidhya}
}

@misc{geeksforgeeks_2018_knearest,
  author       = {GeeksforGeeks},
  month        = {11},
  title        = {K-Nearest Neighbours - GeeksforGeeks},
  url          = {https://www.geeksforgeeks.org/k-nearest-neighbours/},
  urldate      = {2024-04-23},
  year         = {2018},
  organization = {GeeksforGeeks}
}

@misc{harrison_2018_machine,
  author       = {Harrison, Onel},
  month        = {09},
  publisher    = {Towards Data Science},
  title        = {Machine Learning Basics with the K-Nearest Neighbors Algorithm},
  url          = {https://towardsdatascience.com/machine-learning-basics-with-the-k-nearest-neighbors-algorithm-6a6e71d01761},
  urldate      = {2024-04-23},
  year         = {2018},
  organization = {Medium}
}

@misc{saha_2018_a,
  author       = {Saha, Sumit},
  month        = {12},
  title        = {A Comprehensive Guide to Convolutional Neural Networks: the ELI5 Way},
  url          = {https://towardsdatascience.com/a-comprehensive-guide-to-convolutional-neural-networks-the-eli5-way-3bd2b1164a53},
  urldate      = {2024-04-23},
  year         = {2018},
  organization = {Towards Data Science}
}

@misc{mandal_2021_cnn,
  author       = {Mandal, Manav},
  month        = {05},
  title        = {CNN for Deep Learning | Convolutional Neural Networks (CNN)},
  url          = {https://www.analyticsvidhya.com/blog/2021/05/convolutional-neural-networks-cnn/},
  urldate      = {2024-04-23},
  year         = {2021},
  organization = {Analytics Vidhya}
}

@article{yamashita_2018_convolutional,
  author  = {Yamashita, Rikiya and Nishio, Mizuho and Do, Richard Kinh Gian and Togashi, Kaori},
  month   = {06},
  pages   = {611--629},
  title   = {Convolutional Neural networks: an Overview and Application in Radiology},
  doi     = {10.1007/s13244-018-0639-9},
  url     = {https://insightsimaging.springeropen.com/articles/10.1007/s13244-018-0639-9},
  urldate = {2024-04-23},
  volume  = {9},
  year    = {2018},
  journal = {Insights into Imaging}
}

@misc{mishra_2020_convolutional,
  author       = {Mishra, Mayank},
  month        = {08},
  publisher    = {Towards Data Science},
  title        = {Convolutional Neural Networks, Explained},
  url          = {https://towardsdatascience.com/convolutional-neural-networks-explained-9cc5188c4939},
  urldate      = {2024-04-23},
  year         = {2020},
  organization = {Medium}
}

@misc{ibm_2023_what_cnn,
  author       = {IBM},
  publisher    = {IBM},
  title        = {What Are Convolutional Neural Networks? | IBM},
  url          = {https://www.ibm.com/topics/convolutional-neural-networks},
  urldate      = {2024-04-23},
  year         = {2023},
  organization = {www.ibm.com}
}

@article{tarnowski_2017_emotion,
  author  = {Tarnowski, Paweł and Kołodziej, Marcin and Majkowski, Andrzej and Rak, Remigiusz J.},
  pages   = {1175--1184},
  title   = {Emotion Recognition Using Facial Expressions},
  doi     = {10.1016/j.procs.2017.05.025},
  url     = {https://www.sciencedirect.com/science/article/pii/S1877050917305264?via\%3Dihub},
  urldate = {2024-04-23},
  volume  = {108},
  year    = {2017},
  journal = {Procedia Computer Science}
}

@misc{patrickfarley_2023_face,
  author       = {Patrick Farley},
  month        = {07},
  title        = {Face detection, attributes, and Input Data - Face - Azure AI Services},
  url          = {https://learn.microsoft.com/en-us/azure/ai-services/computer-vision/concept-face-detection},
  urldate      = {2024-04-23},
  year         = {2023},
  organization = {learn.microsoft.com}
}

@misc{vemou_2021_facial,
  author  = {Konstantina, Vemou and Anna, Horvath and Thomas, Zerdick},
  title   = {Facial Emotion Recognition},
  url     = {https://edps.europa.eu/system/files/2021-05/21-05-26\_techdispatch-facial-emotion-recognition\_ref\_en.pdf},
  urldate = {2024-04-23},
  year    = {2021}
}

@article{mellouk_2020_facial,
  author  = {Mellouk, Wafa and Handouzi, Wahida},
  pages   = {689--694},
  title   = {Facial Emotion Recognition Using Deep learning: Review and Insights},
  doi     = {10.1016/j.procs.2020.07.101},
  url     = {https://www.sciencedirect.com/science/article/pii/S1877050920318019},
  urldate = {2024-04-23},
  volume  = {175},
  year    = {2020},
  journal = {Procedia Computer Science}
}

@article{agrawal_2019_using,
  author  = {Agrawal, Abhinav and Mittal, Namita},
  month   = {01},
  pages   = {405--412},
  title   = {Using CNN for Facial Expression recognition: a Study of the Effects of Kernel Size and Number of Filters on Accuracy},
  doi     = {10.1007/s00371-019-01630-9},
  url     = {https://link.springer.com/article/10.1007/s00371-019-01630-9},
  urldate = {2024-04-23},
  volume  = {36},
  year    = {2019},
  journal = {The Visual Computer}
}

@article{naseem_2010_linear,
  author  = {Naseem, I. and Togneri, R. and Bennamoun, M.},
  month   = {11},
  pages   = {2106--2112},
  title   = {Linear Regression for Face Recognition},
  doi     = {10.1109/TPAMI.2010.128},
  url     = {https://ieeexplore.ieee.org/abstract/document/5506092?casa\_token=Yu36FOKbkNo\\AAAAA:Ef2sB0dSZsqUG6bWOHcrtk-t9POgl6c169s0Jd9fIh4dTQIwgHJSCl1Gu2c67tZj4tfi47ImXg},
  urldate = {2024-04-23},
  volume  = {32},
  year    = {2010},
  journal = {IEEE Transactions on Pattern Analysis and Machine Intelligence}
}

@article{munasinghe_2018_facial,
  author  = {Munasinghe, M. I. N. P.},
  month   = {06},
  pages   = {423--427},
  title   = {Facial Expression Recognition Using Facial Landmarks and Random Forest Classifier},
  doi     = {10.1109/icis.2018.8466510},
  url     = {https://ieeexplore.ieee.org/document/8466510},
  urldate = {2024-04-23},
  year    = {2018},
  journal = {2018 IEEE/ACIS 17th International Conference on Computer and Information Science (ICIS)}
}

@article{xia_2014_facial,
  author  = {Xia, Li},
  month   = {10},
  pages   = {256--259},
  title   = {Facial Expression Recognition Based on SVM},
  doi     = {10.1109/icicta.2014.69},
  url     = {https://dl.acm.org/doi/abs/10.1109/ICICTA.2014.69},
  urldate = {2024-04-23},
  year    = {2014},
  journal = {Proceedings of the 2014 7th International Conference on Intelligent Computation Technology and Automation}
}

@article{juslin_2013_music,
  author  = {Juslin, Patrik N. and Sloboda, John A.},
  pages   = {583--645},
  title   = {Music and Emotion},
  doi     = {10.1016/b978-0-12-381460-9.00015-8},
  url     = {https://psycnet.apa.org/record/2012-14631-015},
  urldate = {2024-04-23},
  year    = {2013},
  journal = {The Psychology of Music}
}

@article{pereira_2011_music,
  author  = {Pereira, Carlos Silva and Teixeira, João and Figueiredo, Patrícia and Xavier, João and Castro, São Luís and Brattico, Elvira},
  editor  = {Pillai, Jay},
  month   = {11},
  pages   = {e27241},
  title   = {Music and Emotions in the Brain: Familiarity Matters},
  doi     = {10.1371/journal.pone.0027241},
  url     = {https://journals.plos.org/plosone/article?id=10.1371/journal.pone.0027241},
  urldate = {2024-04-23},
  volume  = {6},
  year    = {2011},
  journal = {PLoS ONE}
}

@article{mrchakrapanids_2023_music,
  author  = {Mr Chakrapani D S and Sidrath Iram and Bhat, R and L Supritha and S Leelavathi},
  month   = {04},
  title   = {Music Recommendation Based on Facial Emotion Recognition},
  doi     = {10.17148/ijarcce.2023.124144},
  url     = {https://journals.plos.org/plosone/article?id=10.1371/journal.pone.0027241},
  urldate = {2024-04-23},
  volume  = {12},
  year    = {2023},
  journal = {Nternational Journal of Advanced Research in Computer and Communication Engineering}
}

@article{athavle_2021_music,
  author  = {Athavle, Madhuri},
  month   = {06},
  pages   = {1--11},
  title   = {Music Recommendation Based on Face Emotion Recognition},
  doi     = {10.54060/jieee/002.02.018},
  url     = {https://jieee.a2zjournals.com/index.php/ieee/article/view/45},
  urldate = {2024-04-23},
  volume  = {2},
  year    = {2021},
  journal = {Journal of Informatics Electrical and Electronics Engineering (JIEEE)}
}

@misc{haykin_2014_neural,
  author  = {Haykin, Simon and York, New and San, Boston and London, Francisco and Sydney, Toronto and Singapore, Tokyo and Mexico, Madrid and Munich, City},
  title   = {Neural Networks and Learning Machines Third Edition},
  url     = {https://cours.etsmtl.ca/sys843/REFS/Books/ebook\_Haykin09.pdf},
  urldate = {2024-04-23},
  year    = {2014}
}

@article{cresposantiago_2022_waterfall,
  author  = {Crespo-Santiago, Carlos A. and Dávila-Cosme, Sonia de la Cruz},
  month   = {11},
  pages   = {81--92},
  title   = {Waterfall method: a Necessary Tool for Implementing Library Projects},
  doi     = {10.55420/2693.9193.v1.n2.91},
  url     = {https://hets.org/ojournal/index.php/hoj/article/view/91},
  urldate = {2024-04-23},
  volume  = {1},
  year    = {2022},
  journal = {HETS Online Journal}
}

@misc{communitcationteam_2022_waterfall,
  author       = {Adobe Communication Team},
  month        = {03},
  title        = {Waterfall Methodology: a Complete Guide},
  url          = {https://business.adobe.com/blog/basics/waterfall},
  urldate      = {2024-04-23},
  year         = {2022},
  organization = {Adobe Experience Cloud Blog}
}

@misc{kumarpal_2018_software,
  author       = {Kumar Pal, Sayan},
  month        = {05},
  title        = {Software Engineering | Spiral Model},
  url          = {https://www.geeksforgeeks.org/software-engineering-spiral-model/},
  urldate      = {2024-04-23},
  year         = {2018},
  organization = {GeeksforGeeks}
}

@misc{laoyan_2022_what,
  author       = {Laoyan, Sarah},
  month        = {02},
  title        = {What Is Agile Methodology? (A Beginner’s Guide)},
  url          = {https://asana.com/resources/agile-methodology},
  urldate      = {2024-04-09},
  year         = {2024},
  organization = {Asana}
}

@article{boehm_1986_a,
  author  = {Boehm, B},
  month   = {08},
  pages   = {22--42},
  title   = {A Spiral Model of Software Development and Enhancement},
  doi     = {10.1145/12944.12948},
  url     = {https://dl.acm.org/doi/10.1145/12944.12948},
  urldate = {2024-04-23},
  volume  = {11},
  year    = {1986},
  journal = {ACM SIGSOFT Software Engineering Notes}
}

@misc{freeman_block,
  author       = {Freeman, James},
  title        = {Block Diagram | Complete Guide with Examples},
  url          = {https://www.edrawsoft.com/block-diagram.html},
  urldate      = {2024-04-23},
  organization = {Edrawsoft}
}

@misc{ibm_2021_usecase,
  author       = {IBM},
  month        = {03},
  title        = {Use-case Diagrams},
  url          = {https://www.ibm.com/docs/en/rational-soft-arch/9.6.1?topic=diagrams-use-case},
  urldate      = {2024-04-23},
  year         = {2021},
  organization = {www.ibm.com}
}

@misc{bell_2004_explore,
  author       = {Bell, Donald},
  month        = {02},
  title        = {Explore the UML Sequence Diagram},
  url          = {https://developer.ibm.com/articles/the-sequence-diagram/},
  urldate      = {2024-04-23},
  year         = {2004},
  organization = {IBM Developer}
}

@misc{lucidchart_2019_what,
  author       = {Lucidchart},
  publisher    = {Lucidchart},
  title        = {What Is a Flowchart},
  url          = {https://www.lucidchart.com/pages/what-is-a-flowchart-tutorial},
  urldate      = {2024-04-23},
  year         = {2019},
  organization = {Lucidchart.com}
}

@misc{hanna_2024_what,
  author       = {Hanna, Katie Terrell and Biscobing, Jacqueline},
  month        = {03},
  title        = {What Is an Entity Relationship Diagram (ERD)? | Definition from TechTarget},
  url          = {https://www.techtarget.com/searchdatamanagement/definition/entity-relationship-diagram-ERD\#:~:text=An\%20entity\%20relationship\%20diagram\%20(ERD)\%2C\%20also\%20known\%20as\%20an},
  urldate      = {2024-04-23},
  year         = {2024},
  organization = {Data Management}
}

@article{simonyan2015deep,
  author  = {Simonyan, Karen and Zisserman, Andrew},
  month   = {09},
  title   = {Very Deep Convolutional Networks for Large-Scale Image Recognition},
  doi     = {10.48550/arXiv.1409.1556},
  url     = {https://xueshu.baidu.com/usercenter/paper/show?paperid=2801f41808e377a1897\\a3887b6758c59\&site=xueshu\_se},
  urldate = {2024-04-23},
  year    = {2014},
  journal = {Computer Science}
}

@misc{challenges_in_representation_learning_facial_expression_recognition_challenge,
  author       = {Dumitru and Goodfellow, Ian and Cukierski, Will and Bengio, Yoshua},
  title        = {Challenges in Representation Learning: Facial Expression Recognition Challenge},
  url          = {https://www.kaggle.com/competitions/challenges-in-representation-learning-facial-expression-recognition-challenge},
  urldate      = {2024-04-23},
  year         = {2023},
  organization = {kaggle.com}
}

@article{5543262,
  author  = {Lucey, Patrick and Cohn, Jeffrey F. and Kanade, Takeo and Saragih, Jason and Ambadar, Zara and Matthews, Iain},
  month   = {06},
  pages   = {94--101},
  title   = {The Extended Cohn-Kanade Dataset (CK+): a Complete Dataset for Action Unit and emotion-specified Expression},
  doi     = {10.1109/cvprw.2010.5543262},
  url     = {https://ieeexplore.ieee.org/document/5543262},
  urldate = {2024-04-23},
  year    = {2010},
  journal = {2010 IEEE Computer Society Conference on Computer Vision and Pattern Recognition - Workshops}
}

@article{who_2022_a,
  author  = {Who},
  month   = {12},
  title   = {A Chinese Face Dataset with Dynamic Expressions and Diverse Ages Synthesized by Deep Learning},
  doi     = {10.17605/OSF.IO/7A5FS},
  url     = {https://osf.io/7a5fs/},
  urldate = {2024-04-23},
  year    = {2022},
  journal = {osf.io}
}

@misc{alves_2023_get,
  author       = {Alves, Rita},
  month        = {03},
  title        = {Get Started with the PERN Stack: an Introduction and Implementation Guide},
  url          = {https://medium.com/@ritapalves/get-started-with-the-pern-stack-an-introduction-and-implementation-guide-e33c55d09994},
  urldate      = {2024-04-23},
  year         = {2023},
  organization = {Medium}
}

@misc{gdpr_2018_general,
  author       = {GDPR},
  title        = {General Data Protection Regulation (GDPR)},
  url          = {https://gdpr-info.eu/},
  urldate      = {2024-04-23},
  year         = {2018},
  organization = {General Data Protection Regulation (GDPR)}
}

@article{shin_2018_inner,
  author  = {Shin, Jinho and Maeng, Junho and Kim, Deok-Hwan},
  month   = {06},
  pages   = {206--212},
  title   = {Inner Emotion Recognition Using Multi Bio-Signals},
  doi     = {10.1109/icce-asia.2018.8552152},
  url     = {https://ieeexplore.ieee.org/document/8552152},
  urldate = {2024-04-23},
  year    = {2018},
  journal = {2018 IEEE International Conference on Consumer Electronics - Asia (ICCE-Asia)}
}

@misc{google_2023_what,
  author       = {Google Cloud},
  title        = {What Is Artificial Intelligence (AI)?},
  url          = {https://cloud.google.com/learn/what-is-artificial-intelligence},
  urldate      = {2024-04-23},
  year         = {2023},
  organization = {Google Cloud}
}

@misc{google_2021_what,
  author       = {Google},
  title        = {What Is Machine learning?  |  Google Cloud},
  url          = {https://cloud.google.com/learn/what-is-machine-learning},
  urldate      = {2024-04-23},
  year         = {2021},
  organization = {Google Cloud}
}

@misc{bonthu_2021_detecting,
  author       = {Bonthu, Harika},
  month        = {05},
  title        = {Detecting and Treating Outliers | How to Handle Outliers},
  url          = {https://www.analyticsvidhya.com/blog/2021/05/detecting-and-treating-outliers-treating-the-odd-one-out/},
  urldate      = {2024-04-24},
  year         = {2021},
  organization = {Analytics Vidhya}
}